@Book{ulianov,
  author =		 {Ульянов, М. В.},
  title = 		 {Ресурсно-эффективные компьютерные алгоритмы},
  publisher = 	 {ФИЗМАТЛИТ},
  year = 		 {2008},
  pages = {304}
}

@article{shtovba,
	author = {Штовба, С. Д.},
  	title = {Муравьиные алгоритмы},
	year = {2003},
	journal = {Exponenta Pro. Математика в приложениях},
    language =     {english},
}

@misc{pythonProcTime,
	title="time — Time access and conversions [Электронный ресурс]",
	howpublished="Режим доступа: \url{https://docs.python.org/3/library/time.html} (дата обращения: 23.09.2023)"
}
